<record xmlns="http://www.loc.gov/MARC21/slim" xmlns:xsi="http://www.w3.org/2001/XMLSchema-instance" xsi:schemaLocation="http://www.loc.gov/MARC21/slim http://www.loc.gov/standards/marcxml/schema/MARC21slim.xsd">

  <leader>01467nab a2200169   4500</leader>
  <controlfield tag="005">20160420112622.0</controlfield>
  <controlfield tag="008">160420b2010    cr f|||| |||| 00| 0 spa d</controlfield>
  <datafield ind1=" " tag="090" ind2=" ">
    <subfield code="a">REVIS 06.02.01</subfield>
  </datafield>
  <datafield ind2=" " ind1="1" tag="100">
    <subfield code="9">172</subfield>
    <subfield code="a">Pérez Yglesias, María</subfield>
  </datafield>
  <datafield ind1="1" tag="245" ind2="0">
    <subfield code="a">Estrategia lúdico-creativa: Al conocimiento y la educación por el placer /</subfield>
    <subfield code="c">María Pérez-Yglesias</subfield>
  </datafield>
  <datafield ind1=" " tag="260" ind2=" ">
    <subfield code="a">San José, Costa Rica : </subfield>
    <subfield code="b">Editorial Universidad de Costa Rica,</subfield>
    <subfield code="c">2010</subfield>
  </datafield>
  <datafield ind2=" " ind1=" " tag="300">
    <subfield code="a">páginas 55-72</subfield>
  </datafield>
  <datafield ind2=" " ind1=" " tag="520">
    <subfield code="a">La educación, pilar del desarrollo humano y social de nuestro país, debe transformarse y para ello es indispensable continuar capacitando a los formadores  a lo largo de su vida profesional. Los estudiantes tienen derecho a la calidad, al bienestar y a no aburrirse con metodologías inapropiadas. 
La comunicación y las nuevas tecnologías informáticas exigen y posibilitan una dinámica diferente donde lo lúdico-creativo está llamado a convertirse en una estrategia de conocimiento fundamental. El artículo, que parte  de un trabajo en equipo desde la Vicerrectoría de Acción Social de la Universidad de Costa Rica, se adentra en lo conceptual, analiza tanto un programa interuniversitario así como los talleres lúdico-creativos, y propone una nueva etapa de formación</subfield>
  </datafield>
  <datafield ind1="1" tag="650" ind2="4">
    <subfield code="9">1</subfield>
    <subfield code="a">EDUCACIÓN</subfield>
  </datafield>
  <datafield tag="773" ind1="0" ind2=" ">
    <subfield code="d">San José, Costa Rica : Editorial de la Universidad de Costa Rica, 1997-</subfield>
    <subfield code="o">R0313</subfield>
    <subfield code="t">EDUCACIÓN: Revista de la Universidad de Costa Rica</subfield>
    <subfield code="g">Vol.34, no.1 (2010)</subfield>
  </datafield>
  <datafield ind2=" " tag="942" ind1=" ">
    <subfield code="2">z</subfield>
    <subfield code="c">10</subfield>
  </datafield>
  <datafield ind2=" " tag="999" ind1=" ">
    <subfield code="c">3119</subfield>
    <subfield code="d">3119</subfield>
  </datafield>
</record>